@article{kickstarting,
    author        = {Andreas Olofsson, Tomas NordstroÌˆm and Zain Ul-Abdin},
    title         = {Kickstarting High-performance Energy-efficient Manycore Architectures with Epiphany},
    journaltitle  = {Cornell University Librairy},
    year          = {2014},
    volume        = {},
    number        = {},
    pages         = {1},
    doi           = {}
}

@online{levenshtein,
    author        = {rosettacode},
    title         = {Java levenshtein},
    year          = {2016},
    url           = {https://rosettacode.org/wiki/Levenshtein_distance#Java},
    note = "[Online; accessed 4-April-2016]"
}

@online{levenshteinwiki,
    author        = {Wikipedia},
    title         = {Levenshtein},
    year          = {2016},
    url           = {https://en.wikipedia.org/wiki/Levenshtein_distance},
    note = "[Online; accessed 4-April-2016]"
}

@online{aparapiquestions,
    author        = {Aparapi},
    title         = {Aparapi repos},
    year          = {2016},
    url           = {https://github.com/aparapi/aparapi/blob/master/doc/FrequentlyAskedQuestions.md},
    note = "[Online; accessed 4-mai-2016]"
}

@online{cudahome,
    author        = {NVIDIA},
    title         = {CUDA website},
    year          = {2016},
    url           = {http://www.nvidia.com/object/cuda_home_new.html},
    note = "[Online; accessed 4-mai-2016]"
}

@online{aparapiblog,
    author        = {AMD},
    title         = {AMD dev blog},
    year          = {2011},
    url           = {http://developer.amd.com/community/blog/2011/09/14/i},
    note = "[Online; accessed 11-mai-2016]"
}

@online{aparapibug,
    author        = {AMD},
    title         = {Aparapi repo issues},
    year          = {2016},
    url           = {https://github.com/steelted/aparapi/issues/117},
    note = "[Online; accessed 11-mai-2016]"
}

@article{aparapiarticle,
    author        = {Shrinivas Joshi},
    title         = {Leveraging Aparapi to Help Improve Financial Java Application Performance},
    year          = {2012},
    journaltitle  = {AMD-dev}
}

@article{cudagpgpu,
    author        = {Jayshree Ghorpade, Jitendra Parande},
    title         = {GPGPU PROCESSING IN CUDA ARCHITECTURE},
    year          = {2012},
    journaltitle  = {arxiv}
}